@article{DBLP:journals/ml/CrammerG13,
  author    = {Koby Crammer and
               Claudio Gentile},
  title     = {Multiclass classification with bandit feedback using adaptive regularization},
  journal   = {Machine Learning},
  volume    = {90},
  number    = {3},
  pages     = {347--383},
  year      = {2013},
  url       = {http://dx.doi.org/10.1007/s10994-012-5321-8},
  doi       = {10.1007/s10994-012-5321-8},
  timestamp = {Fri, 08 Feb 2013 10:25:23 +0100},
  biburl    = {http://dblp.uni-trier.de/rec/bib/journals/ml/CrammerG13},
  bibsource = {dblp computer science bibliography, http://dblp.org}
}


@inproceedings{CrammerSi00,
	Author = {K.~Crammer and Y.~Singer},
	Booktitle = colt00,
	Title = {On the Learnability and Design of Output Codes for   Multiclass Problems},
	Year = 2000}

@inproceedings{CrammerSi00a,
	Author = {K.~Crammer and Y.~Singer},
	Booktitle = nips13,
	Title = {Improved Output Coding for Classification Using Continuous Relaxation},
	Year = 2000}

@inproceedings{CrammerSi01,
	Author = {K.~Crammer and Y.~Singer},
	Booktitle = colt01,
	Title = {Ultraconservative Online Algorithms for Multiclass Problems},
	Year = 2001}

@article{CrammerSi01a,
	Author = {K.~Crammer and Y.~Singer},
	Date-Modified = {2009-03-05 09:50:14 -0500},
	Journal = {Jornal of Machine Learning Research},
	Pages = {265--292},
	Title = {On the algorithmic Implementation of Multiclass Kernel-based Vector Machines},
	Volume = 2,
	Year = {2001}}




@article{CrammerSi03,
	Author = {K.~Crammer and Y.~Singer},
	Journal = {Jornal of Machine Learning Research},
	Pages = {1025--1058},
	Title = {A New Family of Online Algorithms for Category Ranking},
	Volume = 3,
	Year = {2003}}

@inproceedings{DBLP:conf/naacl/McDonaldCP05,
	author    = {Ryan T. McDonald and
	Koby Crammer and
	Fernando Pereira},
	title     = {Flexible Text Segmentation with Structured Multilabel Classification},
	booktitle = {{HLT/EMNLP} 2005, Human Language Technology Conference and Conference
	on Empirical Methods in Natural Language Processing, Proceedings of
	the Conference, 6-8 October 2005, Vancouver, British Columbia, Canada},
	year      = {2005},
	url       = {http://acl.ldc.upenn.edu/H/H05/H05-1124.pdf},
	timestamp = {Thu, 21 Dec 2006 10:35:02 +0100},
	biburl    = {http://dblp.uni-trier.de/rec/bib/conf/naacl/McDonaldCP05},
	bibsource = {dblp computer science bibliography, http://dblp.org}
}



@inproceedings{mcdonald-04,
	Author = {Ryan McDonald and Koby Crammer and Fernando Pereira},
	Booktitle = {NIPS Workshop on Structured Outputs},
	Date-Added = {2009-01-25 16:37:36 -0500},
	Date-Modified = {2009-01-25 16:37:36 -0500},
	Title = {Large margin online learning algorithms for scalable structured classification},
	Year = {2004}}


@inproceedings{CrammerKuDr12,
	author    = {Koby Crammer and
	Alex Kulesza and
	Mark Dredze},
	title     = {New $\mathcal{H}\infty$ bounds for the recursive least
	squares algorithm exploiting input structure},
	booktitle = {ICASSP},
	year      = {2012},
	pages     = {2017-2020}
}

@inproceedings{DBLP:conf/icassp/CrammerL12,
	author    = {Koby Crammer and
	Daniel D. Lee},
	title     = {Online discriminative learning of phoneme recognition via collections
	of generalized linear models},
	booktitle = {2012 {IEEE} International Conference on Acoustics, Speech and Signal
	Processing, {ICASSP} 2012, Kyoto, Japan, March 25-30, 2012},
	pages     = {1961--1964},
	year      = {2012},
	url       = {http://dx.doi.org/10.1109/ICASSP.2012.6288290},
	doi       = {10.1109/ICASSP.2012.6288290},
	timestamp = {Fri, 02 Nov 2012 12:13:31 +0100},
	biburl    = {http://dblp.uni-trier.de/rec/bib/conf/icassp/CrammerL12},
	bibsource = {dblp computer science bibliography, http://dblp.org}
}

@inproceedings{DBLP:conf/icassp/Crammer10,
	author    = {Koby Crammer},
	title     = {Efficient online learning with individual learning-rates for phoneme
	sequence recognition},
	booktitle = {Proceedings of the {IEEE} International Conference on Acoustics, Speech,
	and Signal Processing, {ICASSP} 2010, 14-19 March 2010, Sheraton Dallas
	Hotel, Dallas, Texas, {USA}},
	pages     = {4878--4881},
	year      = {2010},
	url       = {http://dx.doi.org/10.1109/ICASSP.2010.5495119},
	doi       = {10.1109/ICASSP.2010.5495119},
	timestamp = {Mon, 29 Nov 2010 14:33:48 +0100},
	biburl    = {http://dblp.uni-trier.de/rec/bib/conf/icassp/Crammer10},
	bibsource = {dblp computer science bibliography, http://dblp.org}
}

@inproceedings{DBLP:journals/jmlr/LivniCG12,
	author    = {Roi Livni and
	Koby Crammer and
	Amir Globerson},
	title     = {A Simple Geometric Interpretation of {SVM} using Stochastic Adversaries},
	booktitle = {Proceedings of the Fifteenth International Conference on Artificial
	Intelligence and Statistics, {AISTATS} 2012, La Palma, Canary Islands,
	April 21-23, 2012},
	pages     = {722--730},
	year      = {2012},
	url       = {http://jmlr.csail.mit.edu/proceedings/papers/v22/livni12.html},
	timestamp = {Thu, 11 Sep 2014 07:28:56 +0200},
	biburl    = {http://dblp.uni-trier.de/rec/bib/journals/jmlr/LivniCG12},
	bibsource = {dblp computer science bibliography, http://dblp.org}
}

@inproceedings{DBLP:conf/icml/WangCV10,
	author    = {Zhuang Wang and
	Koby Crammer and
	Slobodan Vucetic},
	title     = {Multi-Class Pegasos on a Budget},
	booktitle = {Proceedings of the 27th International Conference on Machine Learning
	(ICML-10), June 21-24, 2010, Haifa, Israel},
	pages     = {1143--1150},
	year      = {2010},
	url       = {http://www.icml2010.org/papers/569.pdf},
	timestamp = {Fri, 16 Dec 2011 12:43:25 +0100},
	biburl    = {http://dblp.uni-trier.de/rec/bib/conf/icml/WangCV10},
	bibsource = {dblp computer science bibliography, http://dblp.org}
}

@article{DBLP:journals/bioinformatics/BernalCP12,
	author    = {Axel Bernal and
	Koby Crammer and
	Fernando Pereira},
	title     = {Automated gene-model curation using global discriminative learning},
	journal   = {Bioinformatics},
	volume    = {28},
	number    = {12},
	pages     = {1571--1578},
	year      = {2012},
	url       = {http://dx.doi.org/10.1093/bioinformatics/bts176},
	doi       = {10.1093/bioinformatics/bts176},
	timestamp = {Fri, 15 Jun 2012 17:57:59 +0200},
	biburl    = {http://dblp.uni-trier.de/rec/bib/journals/bioinformatics/BernalCP12},
	bibsource = {dblp computer science bibliography, http://dblp.org}
}

@article{DBLP:journals/bmcbi/LiuCPR08,
	author    = {Qian Liu and
	Koby Crammer and
	Fernando C. N. Pereira and
	David S. Roos},
	title     = {Reranking candidate gene models with cross-species comparison for
	improved gene prediction},
	journal   = {{BMC} Bioinformatics},
	volume    = {9},
	year      = {2008},
	url       = {http://dx.doi.org/10.1186/1471-2105-9-433},
	doi       = {10.1186/1471-2105-9-433},
	timestamp = {Tue, 30 Jun 2009 12:02:05 +0200},
	biburl    = {http://dblp.uni-trier.de/rec/bib/journals/bmcbi/LiuCPR08},
	bibsource = {dblp computer science bibliography, http://dblp.org}
}

@article{DBLP:journals/ploscb/BernalCHP07,
	author    = {Axel Bernal and
	Koby Crammer and
	Artemis G. Hatzigeorgiou and
	Fernando Pereira},
	title     = {Global Discriminative Learning for Higher-Accuracy Computational Gene
	Prediction},
	journal   = {PLoS Computational Biology},
	volume    = {3},
	number    = {3},
	year      = {2007},
	url       = {http://dx.doi.org/10.1371/journal.pcbi.0030054},
	doi       = {10.1371/journal.pcbi.0030054},
	timestamp = {Wed, 07 Mar 2012 17:27:51 +0100},
	biburl    = {http://dblp.uni-trier.de/rec/bib/journals/ploscb/BernalCHP07},
	bibsource = {dblp computer science bibliography, http://dblp.org}
}

@article{DBLP:journals/bmcbi/LiuCPR08,
	author    = {Qian Liu and
	Koby Crammer and
	Fernando C. N. Pereira and
	David S. Roos},
	title     = {Reranking candidate gene models with cross-species comparison for
	improved gene prediction},
	journal   = {{BMC} Bioinformatics},
	volume    = {9},
	year      = {2008},
	url       = {http://dx.doi.org/10.1186/1471-2105-9-433},
	doi       = {10.1186/1471-2105-9-433},
	timestamp = {Tue, 30 Jun 2009 12:02:05 +0200},
	biburl    = {http://dblp.uni-trier.de/rec/bib/journals/bmcbi/LiuCPR08},
	bibsource = {dblp computer science bibliography, http://dblp.org}
}

@inproceedings{DBLP:conf/ijcai/VatashskyC13,
	author    = {Ben Zion Vatashsky and
	Koby Crammer},
	title     = {Multi Class Learning with Individual Sparsity},
	booktitle = {{IJCAI} 2013, Proceedings of the 23rd International Joint Conference
	on Artificial Intelligence, Beijing, China, August 3-9, 2013},
	year      = {2013},
	url       = {http://www.aaai.org/ocs/index.php/IJCAI/IJCAI13/paper/view/6952},
	timestamp = {Tue, 20 Aug 2013 21:19:24 +0200},
	biburl    = {http://dblp.uni-trier.de/rec/bib/conf/ijcai/VatashskyC13},
	bibsource = {dblp computer science bibliography, http://dblp.org}
}


@article{DBLP:journals/jmlr/WangCV12,
	author    = {Zhuang Wang and
	Koby Crammer and
	Slobodan Vucetic},
	title     = {Breaking the curse of kernelization: budgeted stochastic gradient
	descent for large-scale {SVM} training},
	journal   = {Journal of Machine Learning Research},
	volume    = {13},
	pages     = {3103--3131},
	year      = {2012},
	url       = {http://dl.acm.org/citation.cfm?id=2503341},
	timestamp = {Mon, 02 Jun 2014 18:16:40 +0200},
	biburl    = {http://dblp.uni-trier.de/rec/bib/journals/jmlr/WangCV12},
	bibsource = {dblp computer science bibliography, http://dblp.org}
}



@inproceedings{CrammerDrKu09,
	Author = {K. Crammer and M. Dredze and A. Kulesza },
	Booktitle = {EMNLP},
	Title = {Multi-Class Confidence Weighted Algorithms},
	Year = {2009}}



@article{DBLP:journals/jmlr/CrammerDKSS06,
	author    = {Koby Crammer and
	Ofer Dekel and
	Joseph Keshet and
	Shai Shalev{-}Shwartz and
	Yoram Singer},
	title     = {Online Passive-Aggressive Algorithms},
	journal   = {Journal of Machine Learning Research},
	volume    = {7},
	pages     = {551--585},
	year      = {2006},
	url       = {http://www.jmlr.org/papers/v7/crammer06a.html},
	timestamp = {Wed, 21 Feb 2007 09:15:40 +0100},
	biburl    = {http://dblp.uni-trier.de/rec/bib/journals/jmlr/CrammerDKSS06},
	bibsource = {dblp computer science bibliography, http://dblp.org}
}


@inproceedings{mejer2012training 	,
	title={Training dependency parser using light feedback},
	author={Mejer, Avihai and Crammer, Koby},
	booktitle={Proceedings of the 2012 Conference of the North American Chapter of the Association for Computational Linguistics: Human Language Technologies},
	pages={488--497},
	year={2012},
	organization={Association for Computational Linguistics}
}


@inproceedings{mejer2010confidence,
	title={Confidence in structured-prediction using confidence-weighted models},
	author={Mejer, Avihai and Crammer, Koby},
	booktitle={Proceedings of the 2010 conference on empirical methods in natural language processing},
	pages={971--981},
	year={2010},
	organization={Association for Computational Linguistics}
}



@article{DBLP:journals/ml/CrammerKD13,
	author    = {Koby Crammer and
	Alex Kulesza and
	Mark Dredze},
	title     = {Adaptive regularization of weight vectors},
	journal   = {Machine Learning},
	volume    = {91},
	number    = {2},
	year      = {2013},
	pages     = {155-187},
	ee        = {http://dx.doi.org/10.1007/s10994-013-5327-x},
	bibsource = {DBLP, http://dblp.uni-trier.de}
}



@article{Crammer:2012:CLC:2343676.2343704,
	author = {Crammer, Koby and Dredze, Mark and Pereira, Fernando},
	title = {Confidence-Weighted Linear Classification for Text Categorization},
	journal = {J. Mach. Learn. Res.},
	issue_date = {6/1/2012},
	volume = {98888},
	month = jun,
	year = {2012},
	issn = {1532-4435},
	pages = {1891--1926},
	numpages = {36},
	publisher = {JMLR.org},
}


@article{dredze-ml-09,
	Author = {Mark Dredze and Alex Kulesza and Koby Crammer},
	Date-Added = {2010-03-24 08:40:53 -0400},
	Date-Modified = {2010-03-24 08:40:53 -0400},
	Journal =  " Machine Learning " ,
	Number = {1-2},
	Pages = {123-149},
	Title = {Multi-Domain Learning by Confidence-Weighted Parameter Combination},
	Volume = {79},
	Year = {2010}}


@inproceedings{DBLP:journals/jmlr/HaimovitchCM12,
	author    = {Yoav Haimovitch and
	Koby Crammer and
	Shie Mannor},
	title     = {More Is Better: Large Scale Partially-supervised Sentiment Classication},
	booktitle = {Proceedings of the 4th Asian Conference on Machine Learning, {ACML}
	2012, Singapore, Singapore, November 4-6, 2012},
	pages     = {175--190},
	year      = {2012},
	url       = {http://jmlr.csail.mit.edu/proceedings/papers/v25/haimovitch12.html},
	timestamp = {Thu, 11 Sep 2014 07:28:55 +0200},
	biburl    = {http://dblp.uni-trier.de/rec/bib/journals/jmlr/HaimovitchCM12},
	bibsource = {dblp computer science bibliography, http://dblp.org}
}

@inproceedings{DBLP:conf/pkdd/TalukdarC09,
	author    = {Partha Pratim Talukdar and
	Koby Crammer},
	title     = {New Regularized Algorithms for Transductive Learning},
	booktitle = {Machine Learning and Knowledge Discovery in Databases, European Conference,
	{ECML} {PKDD} 2009, Bled, Slovenia, September 7-11, 2009, Proceedings,
	Part {II}},
	pages     = {442--457},
	year      = {2009},
	url       = {http://dx.doi.org/10.1007/978-3-642-04174-7_29},
	doi       = {10.1007/978-3-642-04174-7_29},
	timestamp = {Mon, 31 Aug 2009 13:32:10 +0200},
	biburl    = {http://dblp.uni-trier.de/rec/bib/conf/pkdd/TalukdarC09},
	bibsource = {dblp computer science bibliography, http://dblp.org}
}


@inproceedings{DBLP:conf/icml/CrammerTP08,
	author    = {Koby Crammer and
	Partha Pratim Talukdar and
	Fernando C. Pereira},
	title     = {A rate-distortion one-class model and its applications to clustering},
	booktitle = {Machine Learning, Proceedings of the Twenty-Fifth International Conference
	{(ICML} 2008), Helsinki, Finland, June 5-9, 2008},
	pages     = {184--191},
	year      = {2008},
	url       = {http://doi.acm.org/10.1145/1390156.1390180},
	doi       = {10.1145/1390156.1390180},
	timestamp = {Thu, 22 Jan 2015 16:51:46 +0100},
	biburl    = {http://dblp.uni-trier.de/rec/bib/conf/icml/CrammerTP08},
	bibsource = {dblp computer science bibliography, http://dblp.org}
}


@inproceedings{dredze-08b,
	Author = {Mark Dredze and Koby Crammer},
	Booktitle = {Association for Computational Linguistics},
	Date-Added = {2008-06-03 07:58:39 -0700},
	Date-Modified = {2008-06-03 07:59:50 -0700},
	Title = {Active Learning with Confidence},
	Year = {2008}}

@inproceedings{OrbachCr12ieeei,
	author    = {Matan Orbach and
	Koby Crammer},
	title     = {Transductive Phoneme Classification Using Local Scaling And Confidence},
	booktitle = {IEEEI},
	year      = {2012}
}

@inproceedings{DBLP:conf/pkdd/OrbachC12,
	author    = {Matan Orbach and
	Koby Crammer},
	title     = {Graph-Based Transduction with Confidence},
	booktitle = {Machine Learning and Knowledge Discovery in Databases - European Conference,
	{ECML} {PKDD} 2012, Bristol, UK, September 24-28, 2012. Proceedings,
	Part {II}},
	pages     = {323--338},
	year      = {2012},
	url       = {http://dx.doi.org/10.1007/978-3-642-33486-3_21},
	doi       = {10.1007/978-3-642-33486-3_21},
	timestamp = {Tue, 11 Sep 2012 11:09:44 +0200},
	biburl    = {http://dblp.uni-trier.de/rec/bib/conf/pkdd/OrbachC12},
	bibsource = {dblp computer science bibliography, http://dblp.org}
}

@inproceedings{DBLP:conf/colt/CrammerS03,
	author    = {Koby Crammer and
	Yoram Singer},
	title     = {Learning Algorithm for Enclosing Points in Bregmanian Spheres},
	booktitle = {Computational Learning Theory and Kernel Machines, 16th Annual Conference
	on Computational Learning Theory and 7th Kernel Workshop, COLT/Kernel
	2003, Washington, DC, USA, August 24-27, 2003, Proceedings},
	pages     = {388--402},
	year      = {2003},
	url       = {http://dx.doi.org/10.1007/978-3-540-45167-9_29},
	doi       = {10.1007/978-3-540-45167-9_29},
	timestamp = {Tue, 05 Jul 2011 11:03:47 +0200},
	biburl    = {http://dblp.uni-trier.de/rec/bib/conf/colt/CrammerS03},
	bibsource = {dblp computer science bibliography, http://dblp.org}
}


@inproceedings{CrammerCh04,
	Author = {K.~Crammer and G.~Chechik},
	Booktitle = icml04,
	Title = {A Needle in a Haystack: Local One-Class Optimization},
	Year = {2004}}